<?xml version="1.0" encoding="UTF-8"?><record xmlns="http://www.loc.gov/MARC21/slim" xmlns:cinclude="http://apache.org/cocoon/include/1.0" xmlns:zs="http://www.loc.gov/zing/srw/">
  <leader>00408nz  a2200133n  4500</leader>
  <controlfield tag="001">n 2014181607</controlfield>
  <controlfield tag="003">DLC</controlfield>
  <controlfield tag="005">20140224115921.0</controlfield>
  <controlfield tag="008">140221n| azannaabn          |n aaa      </controlfield>
  <datafield tag="010" ind1=" " ind2=" ">
    <subfield code="a">n 2014181607</subfield>
  </datafield>
  <datafield tag="035" ind1=" " ind2=" ">
    <subfield code="a">(DNLM)1603960</subfield>
  </datafield>
  <datafield tag="040" ind1=" " ind2=" ">
    <subfield code="a">DNLM</subfield>
    <subfield code="b">eng</subfield>
    <subfield code="e">rda</subfield>
    <subfield code="c">DNLM</subfield>
  </datafield>
  <datafield tag="100" ind1="1" ind2=" ">
    <subfield code="a">Gerwig, Kathy</subfield>
  </datafield>
  <datafield tag="670" ind1=" " ind2=" ">
    <subfield code="a">Greening health care, 2014:</subfield>
    <subfield code="b">ECIP t.p. (Kathy Gerwig) galley (Kaiser Permanente's Environmental Stewardship Officer)</subfield>
  </datafield>
</record>